<record><leader>01334cam a2200361 i 45 0</leader><controlfield tag="001">6766376</controlfield><controlfield tag="003">OCoLC</controlfield><controlfield tag="005">20150106113751.0</controlfield><controlfield tag="008">140717s2015    maua     b    001 0 eng  </controlfield><datafield ind1=" " ind2=" " tag="010"><subfield code="a">  2014028406</subfield></datafield><datafield ind1=" " ind2=" " tag="020"><subfield code="a">9780205999323 (alk. paper)</subfield></datafield><datafield ind1=" " ind2=" " tag="020"><subfield code="a">0205999328 (alk. paper)</subfield></datafield><datafield ind1=" " ind2=" " tag="035"><subfield code="a">ocn941792021</subfield></datafield><datafield ind1=" " ind2=" " tag="040"><subfield code="a">DLC</subfield><subfield code="b">eng</subfield><subfield code="e">rda</subfield><subfield code="c">DLC</subfield><subfield code="d">BTCTA</subfield><subfield code="d">BDX</subfield><subfield code="d">UAB</subfield></datafield><datafield ind1=" " ind2=" " tag="042"><subfield code="a">pcc</subfield></datafield><datafield ind1="0" ind2="0" tag="050"><subfield code="a">GN25</subfield><subfield code="b">.E46 2015</subfield></datafield><datafield ind1="0" ind2="0" tag="082"><subfield code="a">301</subfield><subfield code="2">23</subfield></datafield><datafield ind1=" " ind2=" " tag="090"><subfield code="a">GN 25 E46 2015</subfield><subfield code="b">AEU</subfield></datafield><datafield ind1="1" ind2=" " tag="100"><subfield code="a">Ember, Carol R.,</subfield><subfield code="e">author.</subfield></datafield><datafield ind1="1" ind2="0" tag="245"><subfield code="a">Human evolution and culture :</subfield><subfield code="b">highlights of anthropology /</subfield><subfield code="c">Carol R. Ember, Human Relations Area Files, Melvin Ember, Peter N. Peregrine, Lawrence University and the Santa Fe Institute.</subfield></datafield><datafield ind1=" " ind2=" " tag="250"><subfield code="a">Eighth edition.</subfield></datafield><datafield ind1=" " ind2="1" tag="264"><subfield code="a">Boston :</subfield><subfield code="b">Pearson,</subfield><subfield code="c">[2015]</subfield></datafield><datafield ind1=" " ind2="4" tag="264"><subfield code="c">&#169;2015</subfield></datafield><datafield ind1=" " ind2=" " tag="300"><subfield code="a">xvi, 537 pages :</subfield><subfield code="b">color illustrations ;</subfield><subfield code="c">28 cm</subfield></datafield><datafield ind1=" " ind2=" " tag="336"><subfield code="a">text</subfield><subfield code="2">rdacontent</subfield></datafield><datafield ind1=" " ind2=" " tag="337"><subfield code="a">unmediated</subfield><subfield code="2">rdamedia</subfield></datafield><datafield ind1=" " ind2=" " tag="338"><subfield code="a">volume</subfield><subfield code="2">rdacarrier</subfield></datafield><datafield ind1=" " ind2=" " tag="504"><subfield code="a">Includes bibliographical references and index.</subfield></datafield><datafield ind1=" " ind2=" " tag="596"><subfield code="a">43</subfield></datafield><datafield ind1=" " ind2="0" tag="650"><subfield code="a">Anthropology.</subfield></datafield><datafield ind1="1" ind2=" " tag="700"><subfield code="a">Ember, Melvin,</subfield><subfield code="e">author.</subfield></datafield><datafield ind1="1" ind2=" " tag="700"><subfield code="a">Peregrine, Peter N.</subfield><subfield code="q">(Peter Neal),</subfield><subfield code="d">1963-</subfield><subfield code="e">author.</subfield></datafield><datafield ind1=" " ind2=" " tag="926"><subfield code="a">GN 25 E46 2015</subfield><subfield code="w">LC</subfield><subfield code="c">1</subfield><subfield code="i">0162033616465</subfield><subfield code="d">3/14/2017</subfield><subfield code="e">3/14/2017</subfield><subfield code="k">RESERVES</subfield><subfield code="l">ON_SHELF</subfield><subfield code="m">UAHSS</subfield><subfield code="n">17</subfield><subfield code="p">$150.00</subfield><subfield code="r">Y</subfield><subfield code="s">Y</subfield><subfield code="t">SHORT_LOAN</subfield><subfield code="u">1/6/2015</subfield><subfield code="0">TEXTBOOK</subfield></datafield></record>